@article{AcostaVargas2016,
  author = "Acosta-Vargas, P. and Luján-Mora, S. and Salvador-Ullauri, L.",
  title = "Evaluación de la accesibilidad de las páginas web de las universidades ecuatorianas",
  year = "2016",
  url = ""
}

@misc{Organizacion2023,
  author = "Organización Mundial de la Salud",
  title = "Discapacidad",
  year = "2023",
  month = "3",
  note = "Recuperado el 18 de marzo, 2024",
  url = "https://www.who.int/es/news-room/factsheets/detail/disability-and-health"
}


@misc{Instituto2018,
  author = "Instituto Nacional de Estadísticas y Censos de Costa Rica and Consejo Nacional de Personas con Discapacidad",
  title = "Encuesta Nacional sobre Discapacidad 2018",
  year = "2018",
  url = "https://admin.inec.cr/sites/default/files/media/reenadis2018_2.pdf"
}


@article{Bocevska2018,
  author = "Bocevska, A. and Savoska, S. and Ristevski, B. and Blazheska-Tabakovska, N.",
  title = "Analysis of accessibility of the e-learning platforms according to the WCAG 2.0 standard compliance",
  year = "2018",
  url = ""
}


@inproceedings{Schiavone2018,
  author = "Schiavone, A. G.",
  title = "Is Moodle accessible? An analysis through experiences in scientific literature and a case study",
  booktitle = "Proceedings of",
  year = "2018",
  volume = "1"
}


@inproceedings{Acosta2016,
  author = "Tania Acosta and Sergio Luján-Mora",
  title = "Comparison from The Levels Of Accessibility on LMS Platforms that Supports the Online Learning System",
  booktitle = "8th International Conference on Education and New Learning Technologies",
  year = "2016",
  pages = "2704--2711",
  address = "Barcelona, Spain",
  doi = "10.21125/edulearn.2016.1579",
  url = "https://library.iated.org/view/ACOSTA2016COM"
}

@misc{DaSilva,
  author = "Da Silva Bermúdez, K. and García Sibaja, J. and Martínez de Lemos, F. J. and Matarrita Brenes, P. and Ureña Benavides, K. and Vargas Varela, J.",
  title = "Volviendo accesible la accesibilidad web: creación de un modelo de aplicación de accesibilidad web que propicie el uso de los estándares internacionales de la WCAG en usuarios especializados del área de diseño y desarrollo de sitios web en Costa Rica"
}



@misc{SCOM,
  author = "S-COM: Davinsson Nunjar Flores",
  title = "Sistema Costarricense de Información Jurídica",
  url = "https://www.pgrweb.go.cr/scij/Busqueda/Normativa/Normas/nrm_texto_completo.aspx?param1=NRTC&nValor1=1&nValor2=89061&nValor3=116705&strTipM=T"
}

@inproceedings{Ara2023,
  author = "Ara, J. and Sik-Lanyi, C.",
  title = "AccGuideLiner: Towards a Modelling Approach of Web Accessibility Requirements following WCAG 2.2",
  booktitle = "2023 IEEE International Conference on Smart Information Systems and Technologies (SIST)",
  year = "2023",
  pages = "10--15",
  publisher = "IEEE",
  month = "5"
}


@misc{Eggert2023,
  author = "Eggert, E. and Abou-Sahra, S.",
  title = "How to meet WCAG",
  year = "2023",
  month = "11",
  day = "12",
  url = "https://www.w3.org/WAI/WCAG22/quickref/?versions=2.1"
}

@misc{UniversityCalifornia,
  author = "University of California",
  title = "Electronic accessibility",
  url = "https://www.ucop.edu/electronic-accessibility/standards-and-best-practices/levels-of-conformance-a-aa-aaa.html#:~:text=WCAG%202.0%20guidelines%20are%20categorized,%2C%20and%20AAA%20(highest)"
}

@misc{Kerwa,
  url = "https://www.kerwa.ucr.ac.cr:8443/bitstream/handle/10669/89666/VOLVIENDO%20ACCESIBLE%20LA%20ACCESIBILIDAD%20WEB%20CREACI%c3%93N%20DE%20UN%20MODELO%20DE%20APLICACI%c3%93N%20DE%20ACCESIBILIDAD%20WEB%20QUE%20PROPICIE%20EL%20USO%20DE%20LOS%20EST%c3%81NDARES%20INTERNACIONALES%20DE%20LA%20WCAG%20EN%20USUARIOS%20ESPECIALIZADOS%20DEL%20%c3%81REA%20DE%20DISE%c3%91O%20Y%20DESARROLL.pdf?sequence=4&isAllowed=y"
}


@inproceedings{FerrariFabianoJose,
  author = "Ferrari, Fabiano and Maldonado, José",
  title = "Experimenting with a Multi-Iteration Systematic Review in Software Engineering",
  booktitle = "na",
  year = "2017",
}

@inproceedings{TTawalbeh2017,
  author = "T. Tawalbeh",
  title = "EFL Instructors’ Perceptions of Blackboard Learning Management System (LMS) at University Level",
  booktitle = "English Language Teaching",
  year = "2017",
  pages = "1",
  volume = "11"
}

@misc{Karma,
  url = " https://www.methodsandtools.com/tools 868 /karma.php"
}


@misc{ IBMAccessibilityEqualAccessToolkit,
  url = "https://www.ibm.com/able/toolkit/"
}

@misc{Moodle2024,
  title = "Moodle",
  howpublished = "\url{https://moodle.com/}",
  note = "Accessed: 01.06.2024"
}

@article{Rahman2019,
  author = "Rahman, M. and Daud, M. and Ensimau, N.",
  title = "Learning Management System (LMS) in Teaching and Learning",
  journal = "International Journal of Academic Research in Business and Social Sciences",
  volume = "9",
  number = "11",
  year = "2019"
}


@misc{W3C2008,
  author = "W3C",
  title = "Web Content Accessibility Guidelines (WCAG) 2.2",
  year = "2008",
  month = "12",
  day = "11",
  note = "[Online]. Available"
}


@misc{W3C2020,
  author = "W3C",
  title = "Accessibility, Usability, and Inclusion",
  year = "2020",
  month = "8",
  day = "1",
  url = "http://www.w3.org/WAI/fundamentals/accessibility-usability-inclusion/"
}

@misc{W3C2023,
  author = "World Wide Web Consortium W3C",
  title = "Web Content Accessibility Guidelines - WCAG 2.2",
  year = "2023",
  month = "10",
  day = "5"
}

@article{Ara2023,
  author = "Ara, Jinat and Sik-Lányi, Cecilia and Kelemen, Arpad",
  title = "Accessibility engineering in web evaluation process: a systematic literature review",
  journal = "Universal Access in the Information Society",
  year = "2023",
  month = "01",
  doi = "10.1007/s10209-023-00967-2"
}


@article{Moorman1999,
  author = "Moorman, K.",
  title = "Web review: W3C, the World Wide Web consortium",
  journal = "XRDS: Crossroads",
  year = "1999",
  volume = "6",
  number = "2",
  pages = "4",
  doi = "10.1145/333104"
}


@article{Basili1992,
  author = "Basili, V. R.",
  title = "Software modeling and measurement: The goal/question/metric paradigm",
  year = "1992"
}

